@misc{
    tajiryan, 
    title={How can I boot with an older kernel version?},
    howpulished = {\url{https://askubuntu.com/questions/82140/how-can-i-boot-with-an-older-kernel-version}}, 
    journal={Ask Ubuntu}, 
    author={Tajiryan, Shahe TajiryanShahe},
    note = {\url{https://askubuntu.com/questions/82140/how-can-i-boot-with-an-older-kernel-version}}
}

@misc{
    FAQ,
    title={Using the gnu compiler collection gcc},
    howpulished = {\url{https://gcc.gnu.org/onlinedocs/gcc-4.3.2/gcc/Link-Options.html#Link-Options}}, 
    journal={Link Options - Using the GNU Compiler Collection (GCC)},
    author = {FAQ},
    note = {\url{https://gcc.gnu.org/onlinedocs/gcc-4.3.2/gcc/Link-Options.html#Link-Options}}
}

@misc{
    gjaingjain, 
    title={What is the 'asmlinkage' modifier meant for?}, 
    howpulished = {\url{https://stackoverflow.com/questions/10459688/what-is-the-asmlinkage-modifier-meant-for}},
    journal={Stack Overflow}, 
    author={gjaingjain 2 and dirkgentlydirkgently 91.9k15114176},
    note = {\url{https://stackoverflow.com/questions/10459688/what-is-the-asmlinkage-modifier-meant-for}}
}

@book{
    pomerantz_2000, 
    place={San Jose, CA}, 
    title={Linux kernel module programming guide}, 
    publisher={iUniverse.com}, 
    author={Pomerantz, Ori}, 
    year={2000}
} 

@misc{
    shared, 
    title={Shared libraries with GCC on Linux}, 
    howpulished = {\url{https://www.cprogramming.com/tutorial/shared-libraries-linux-gcc.html}}, 
    journal={Shared libraries with GCC on Linux-Cprogramming.com},
    note = {\url{https://www.cprogramming.com/tutorial/shared-libraries-linux-gcc.html}}
}

@book{
    kerrisk_2012, 
    place={San Francisco, CA}, 
    title={The Linux programming interface: a Linux and UNIX system programming handbook}, 
    publisher={No Starch Press}, 
    author={Kerrisk, Michael}, 
    year={2012}
}
